<?xml version="1.0" encoding="UTF-8"?><collection xmlns="http://www.loc.gov/MARC21/slim"><record><leader>00401nam--2200157-i-4500</leader><controlfield tag="001">000047383</controlfield><controlfield tag="002">20161230</controlfield><controlfield tag="005">20170103224323</controlfield><controlfield tag="008">060222s1000------------r-----000-0-eng-d</controlfield><datafield ind1=" " ind2=" " tag="080"><subfield code="a">537.531(061.3)</subfield></datafield><datafield ind1=" " ind2=" " tag="245"><subfield code="a">Wiggler Meeting Frascati, June 29-30, 1978</subfield></datafield><datafield ind1=" " ind2=" " tag="260"><subfield code="a">Frascati</subfield><subfield code="b">Latori naz.di Frascati</subfield><subfield code="c">1978</subfield></datafield><datafield ind1=" " ind2=" " tag="300"><subfield code="a">222 p</subfield></datafield><datafield ind1=" " ind2=" " tag="700"><subfield code="a">A.Luccio</subfield></datafield><datafield ind1=" " ind2=" " tag="852"><subfield code="a">78942</subfield></datafield><datafield ind1=" " ind2=" " tag="CAT"><subfield code="a">SYS</subfield><subfield code="c">20170103</subfield><subfield code="h">224323</subfield></datafield></record></collection>